@misc{freq-tone,
	title = {{Frequencies of Musical Notes}},
	url = {https://pages.mtu.edu/%7Esuits/notefreqs.html},
}